<record><leader>00000cas a2200000 a 4500</leader><controlfield tag="001">13223332</controlfield><controlfield tag="008">860303d18851889maudn ne      0    0eng  </controlfield><datafield ind1=" " ind2=" " tag="010"><subfield code="a">sn 86071161 </subfield></datafield><datafield ind1=" " ind2=" " tag="040"><subfield code="a">DLC</subfield><subfield code="b">eng</subfield><subfield code="c">DLC</subfield><subfield code="d">MGN</subfield><subfield code="d">DLC</subfield><subfield code="d">OCLCO</subfield><subfield code="d">OCLCQ</subfield><subfield code="d">OCLCF</subfield><subfield code="d">OCLCO</subfield></datafield><datafield ind1="1" ind2=" " tag="029"><subfield code="a">AU@</subfield><subfield code="b">000021740692</subfield></datafield><datafield ind1=" " ind2=" " tag="042"><subfield code="a">pcc</subfield></datafield><datafield ind1=" " ind2=" " tag="043"><subfield code="a">n-us-ma</subfield></datafield><datafield ind1="0" ind2="0" tag="050"><subfield code="a">Newspaper 8259</subfield></datafield><datafield ind1="0" ind2="0" tag="245"><subfield code="a">Boston evening traveller.</subfield></datafield><datafield ind1=" " ind2=" " tag="260"><subfield code="a">Boston [Mass.] :</subfield><subfield code="b">Roland Worthington &amp; Co.</subfield></datafield><datafield ind1=" " ind2=" " tag="300"><subfield code="a">v. :</subfield><subfield code="b">ill. (chiefly advertisments) ;</subfield><subfield code="c">77 cm.</subfield></datafield><datafield ind1=" " ind2=" " tag="310"><subfield code="a">Daily (except Sun.)</subfield></datafield><datafield ind1="1" ind2=" " tag="362"><subfield code="a">Vol. 38, no. 257 (Feb. 2, 1885)-v. 45, no. 149 (Sept. 30, 1889).</subfield></datafield><datafield ind1=" " ind2=" " tag="500"><subfield code="a">Published in several chronological editions.</subfield></datafield><datafield ind1=" " ind2=" " tag="580"><subfield code="a">Semiweekly ed.: Boston traveller (Boston, Mass. : 1855).</subfield></datafield><datafield ind1=" " ind2=" " tag="580"><subfield code="a">Weekly ed.: American traveller (Boston, Mass. : 1855).</subfield></datafield><datafield ind1=" " ind2="0" tag="651"><subfield code="a">Boston (Mass.)</subfield><subfield code="v">Newspapers.</subfield></datafield><datafield ind1=" " ind2="7" tag="655"><subfield code="a">Newspapers.</subfield><subfield code="2">fast</subfield><subfield code="0">(OCoLC)fst01423814</subfield></datafield><datafield ind1=" " ind2="7" tag="651"><subfield code="a">Massachusetts</subfield><subfield code="z">Boston.</subfield><subfield code="2">fast</subfield><subfield code="0">(OCoLC)fst01205012</subfield></datafield><datafield ind1=" " ind2=" " tag="752"><subfield code="a">United States</subfield><subfield code="b">Massachusetts</subfield><subfield code="c">Suffolk</subfield><subfield code="d">Boston.</subfield></datafield><datafield ind1="1" ind2=" " tag="775"><subfield code="t">Boston traveller (Boston, Mass. : 1855)</subfield><subfield code="w">(DLC)sn 84022244</subfield></datafield><datafield ind1="1" ind2=" " tag="775"><subfield code="t">American traveller (Boston, Mass. : 1855)</subfield><subfield code="w">(DLC)sn 84022242</subfield></datafield><datafield ind1="0" ind2="0" tag="780"><subfield code="t">Daily evening traveller</subfield><subfield code="w">(DLC)sn 84022235</subfield></datafield><datafield ind1="0" ind2="0" tag="785"><subfield code="t">Boston daily traveller (Boston, Mass. : 1889)</subfield><subfield code="w">(DLC)sn 86071162</subfield></datafield></record>